<?xml version="1.0" encoding="UTF-8"?>
<record xmlns="http://www.loc.gov/MARC21/slim" xmlns:xsi="http://www.w3.org/2001/XMLSchema-instance" xsi:schemaLocation="http://www.loc.gov/MARC21/slim http://www.loc.gov/standards/marcxml/schema/MARC21slim.xsd">
<leader>     cam a22002771  4500</leader>
<controlfield tag="001">001684110</controlfield>
<controlfield tag="003">NNU</controlfield>
<controlfield tag="005">20061010173222.0</controlfield>
<controlfield tag="008">921019s1953    ua       b    000 0 ara</controlfield>
<datafield tag="010" ind1=" " ind2=" ">
<subfield code="a">ne 65001721</subfield>
</datafield>
<datafield tag="035" ind1="9" ind2=" ">
<subfield code="a">NYUb12227538</subfield>
</datafield>
<datafield tag="035" ind1=" " ind2=" ">
<subfield code="a">(NNU)NYUb12227538</subfield>
</datafield>
<datafield tag="040" ind1=" " ind2=" ">
<subfield code="a">DLC</subfield>
<subfield code="c">MH-L</subfield>
<subfield code="d">MH-L</subfield>
</datafield>
<datafield tag="066" ind1=" " ind2=" ">
<subfield code="c">(3</subfield>
<subfield code="c">(4</subfield>
</datafield>
<datafield tag="090" ind1=" " ind2=" ">
<subfield code="a">BP175.J5</subfield>
<subfield code="b">N8</subfield>
</datafield>
<datafield tag="100" ind1="1" ind2=" ">
<subfield code="a">Nūrī, Ḥusayn</subfield>
<subfield code="6">880-01</subfield>
</datafield>
<datafield tag="245" ind1="1" ind2="0">
<subfield code="6">880-02</subfield>
<subfield code="a">Dirāsah fī ʻawāriḍ al-ahlīyah fī al-sharīʻah al-Islāmīyah,</subfield>
<subfield code="c">taʼlīf Ḥusayn al-Nūrī.</subfield>
</datafield>
<datafield tag="260" ind1=" " ind2=" ">
<subfield code="6">880-03</subfield>
<subfield code="a">[al-Qāhirah]</subfield>
<subfield code="b">Maṭbaʻat Lajnat al-Bayān al-ʻArabī,</subfield>
<subfield code="c">1953.</subfield>
</datafield>
<datafield tag="300" ind1=" " ind2=" ">
<subfield code="a">244, [1] p.</subfield>
<subfield code="c">24 cm.</subfield>
</datafield>
<datafield tag="502" ind1=" " ind2=" ">
<subfield code="6">880-04</subfield>
<subfield code="a">Risālat al-duktūrāh -- Jāmiʻat al-Qāhirah</subfield>
</datafield>
<datafield tag="504" ind1=" " ind2=" ">
<subfield code="a">Bibliography: p.[237]-[245]</subfield>
</datafield>
<datafield tag="650" ind1=" " ind2="0">
<subfield code="a">Capacity and disability (Islamic law)</subfield>
</datafield>
<datafield tag="880" ind1="1" ind2=" ">
<subfield code="6">100-01/</subfield>
<subfield code="a">نوري، حسين.</subfield>
</datafield>
<datafield tag="880" ind1="1" ind2="0">
<subfield code="6">245-02/</subfield>
<subfield code="a">دراسة في عوارض الاهلية في الشريعة الاسلامية،</subfield>
<subfield code="c">تأليف حسين النوري.</subfield>
</datafield>
<datafield tag="880" ind1=" " ind2=" ">
<subfield code="6">260-03/</subfield>
<subfield code="a">[القاهرة]</subfield>
<subfield code="b">مطبعة لجنة البيان العربي،</subfield>
<subfield code="c">1953.</subfield>
</datafield>
<datafield tag="880" ind1=" " ind2=" ">
<subfield code="6">502-04/</subfield>
<subfield code="a">رسالة الد�توراه -- جامعة القاهرة</subfield>
</datafield>
<datafield tag="OWN" ind1=" " ind2=" ">
<subfield code="a">GENERAL</subfield>
</datafield>
<datafield tag="998" ind1=" " ind2=" ">
<subfield code="a">20010429</subfield>
<subfield code="d">20010429</subfield>
<subfield code="d">20010429</subfield>
<subfield code="n">NNU</subfield>
<subfield code="s">6</subfield>
<subfield code="t">c</subfield>
<subfield code="z">p</subfield>
</datafield>
<datafield tag="AVA" ind1=" " ind2=" ">
<subfield code="a">NYU50</subfield>
<subfield code="b">BOBST</subfield>
<subfield code="c">Main Collection</subfield>
<subfield code="d">BP175.J5 N8</subfield>
<subfield code="e">unavailable</subfield>
<subfield code="t">Unavailable</subfield>
<subfield code="f">1</subfield>
<subfield code="g">1</subfield>
<subfield code="h">N</subfield>
<subfield code="i">0</subfield>
<subfield code="j">MAIN</subfield>
<subfield code="k">0</subfield>
</datafield>
</record>
